@online{Brechungsindex,
  author = {chemie.de},
  title = {Brechzahl},
  url = {http://www.chemie.de/lexikon/Brechzahl.html},
  urldate = {2022-04-13}
}
