@manual{Anleitung,
  author = {TU Dortmund},
  title = {V51 Circuits with operational amplifiers},
  year = 2023
}