@manual{V60,
title = {Versuchsanleitung zu Versuch V60},
year = {2022},
organization = {Fakult√§t Phyik, TU Dortmund},
}