@article{muccillo,
  author = {Muccillo, R. and Rolfe, J.},
  title = {Effect of Irradiation on Impurity-Vacancy Dipoles in $\ce{K Br}$ Crystalls Doped with Strontium},
  journal = {phisica status solidi},
  volume = {61},
  pages = {579--587},
  year = {1974}
}

@manual{anleitung,
  author = {TU Dortmund},
  title = {V48- Dipolrelaxation in Ionenkristallen},
  year = 2022
}


@manual{fuller,
  author = {R. G. Fuller},
  title = {Research Project for Undergraduates: Ionic Thermoconductivity in Dielectrics.},
  year = 1972
}

